

@article{groote2001computer,
  title={Computer assisted manipulation of algebraic process specifications},
  author={Groote, Jan F and Lisser, Bert},
  year={2001},
  publisher={CWI (Centre for Mathematics and Computer Science)},
  doi={10.1145/636517.636531}
}

@inproceedings{van2009state,
  title={State space reduction of linear processes using control flow reconstruction},
  author={Van De Pol, Jaco and Timmer, Mark},
  booktitle={International Symposium on Automated Technology for Verification and Analysis},
  pages={54--68},
  year={2009},
  organization={Springer},
  doi={10.1007/978-3-642-04761-9_5}
}

@inproceedings{volpato2013towards,
  title={Towards quality of model-based testing in the ioco framework},
  author={Volpato, Michele and Tretmans, Jan},
  booktitle={Proceedings of the 2013 International Workshop on Joining AcadeMiA and Industry Contributions to Testing Automation},
  pages={41--46},
  year={2013},
  organization={ACM},
  doi={10.1145/2489280.2489293}
}

